@article{article,
    title = {{Affective e-Learning: Using "Emotional" Data to Improve Learning in Pervasive Learning Environment}},
    year = {2009},
    journal = {Educational Technology {\&} Society},
    author = {Shen, Liping and Wang, Minjuan and Shen, Ruimin},
    pages = {176--189},
    volume = {12}
}

@misc{Kim2018,
    title = {{Stress and heart rate variability: A meta-analysis and review of the literature}},
    year = {2018},
    booktitle = {Psychiatry Investigation},
    author = {Kim, Hye Geum and Cheon, Eun Jin and Bai, Dai Seg and Lee, Young Hwan and Koo, Bon Hoon},
    number = {3},
    month = {3},
    pages = {235--245},
    volume = {15},
    publisher = {Korean Neuropsychiatric Association},
    doi = {10.30773/pi.2017.08.17},
    issn = {19763026},
    keywords = {Autonomic nervous system, Heart rate variability, Stress}
}

@book{book,
    title = {{Stress in Life and at Work}},
    year = {2001},
    author = {Agrawal, Rita}
}

@article{stephens,
    title = {{The economic burden of mental health problems in Canada}},
    year = {2001},
    journal = {Chronic diseases in Canada},
    author = {Stephens, Torrance},
    pages = {18--23},
    volume = {22}
}

@article{Rumbold2012APerformers.,
    title = {{A systematic review of stress management interventions with sport performers.}},
    year = {2012},
    journal = {Sport, Exercise, and Performance Psychology},
    author = {Rumbold, James L. and Fletcher, David and Daniels, Kevin},
    number = {3},
    pages = {173--193},
    volume = {1},
    publisher = {American Psychological Association (APA)},
    doi = {10.1037/a0026628},
    issn = {2157-3905}
}

@article{Lamontagne2007A19902005,
    title = {{A Systematic Review of the Job-stress Intervention Evaluation Literature, 1990–2005}},
    year = {2007},
    journal = {International Journal of Occupational and Environmental Health},
    author = {Lamontagne, Anthony D. and Keegel, Tessa and Louie, Amber M. and Ostry, Aleck and Landsbergis, Paul A.},
    number = {3},
    month = {7},
    pages = {268--280},
    volume = {13},
    url = {http://www.tandfonline.com/doi/full/10.1179/oeh.2007.13.3.268},
    doi = {10.1179/oeh.2007.13.3.268},
    issn = {1077-3525}
}

@misc{Casey2019AD8232-,
    title = {{AD8232 Heart Rate Monitor Hookup Guide -}},
    year = {2019},
    booktitle = {learn.sparkfun.com},
    author = {Casey, TheRobot},
    url = {https://learn.sparkfun.com/tutorials/ad8232-heart-rate-monitor-hookup-guide/all}
}

@misc{BIOSYNCBIO-SENSORS,
    title = {{BIOSYNC Technology - BRINGING LIFE-CHANGING IMPACT THROUGH WEARABLE BIO-SENSORS}},
    url = {http://biosynctechnology.com/}
}

@inproceedings{Nishida2017BioSync:Experience,
    title = {{bioSync: A paired wearable device for blending kinesthetic experience}},
    year = {2017},
    booktitle = {Conference on Human Factors in Computing Systems - Proceedings},
    author = {Nishida, Jun and Suzuki, Kenji},
    month = {5},
    pages = {3316--3327},
    volume = {2017-May},
    publisher = {Association for Computing Machinery},
    isbn = {9781450346559},
    doi = {10.1145/3025453.3025829},
    keywords = {Blending kinesthetic experience, Electrical muscle stimulation, Electromyogram signals, Rehabilitation}
}

@article{Millings2015CanTechnology,
    title = {{Can the effectiveness of an online stress management program be augmented by wearable sensor technology?}},
    year = {2015},
    journal = {Internet Interventions},
    author = {Millings, Abigail and Morris, Joanna and Rowe, Angela and Easton, Sally and Martin, John K. and Majoe, Dennis and Mohr, Christine},
    number = {3},
    month = {9},
    pages = {330--339},
    volume = {2},
    publisher = {Elsevier},
    doi = {10.1016/j.invent.2015.04.005},
    issn = {22147829},
    keywords = {Biofeedback, CCBT, Psychoeducation, Quantified self, Stress management}
}

@article{Michie2002CausesWork.,
    title = {{Causes and management of stress at work.}},
    year = {2002},
    journal = {Occupational and environmental medicine},
    author = {Michie, S.},
    number = {1},
    pages = {67--72},
    volume = {59},
    doi = {10.1136/oem.59.1.67},
    issn = {13510711},
    pmid = {11836475}
}

@book{Cappelli1997ChangeWork,
    title = {{Change at work}},
    year = {1997},
    author = {Cappelli, Peter and Bassi, Laurie and Katz, Harry and Knoke, David and Osterman, Paul and Useem, Michael},
    pages = {276},
    publisher = {Oxford University Press},
    isbn = {9780195103274}
}

@misc{Wiki2019ChronicWikipedia,
    title = {{Chronic stress - Wikipedia}},
    year = {2019},
    author = {{Wiki}},
    url = {https://en.wikipedia.org/wiki/Chronic_stress}
}

@article{Robone2008ContractualSurvey,
    title = {{Contractual Conditions, Working conditions, Health and Well-Being in the British Household Panel Survey}},
    year = {2008},
    journal = {HEDG, c/o Department of Economics, University of York},
    author = {Robone, Silvana and Jones, Andrew Michael and Rice, Nigel and Robone, Silvana and Jones, Andrew and Rice, Nigel},
    publisher = {HEDG, c/o Department of Economics, University of York},
    keywords = {contractual conditions, dynamic panel data models, psychological well-being, self assessed health, working conditions}
}

@article{vanderAalst2009DeclarativeSupport,
    title = {{Declarative workflows: Balancing between flexibility and support}},
    year = {2009},
    journal = {Computer Science - Research and Development},
    author = {van der Aalst, W. M. P. and Pesic, M. and Schonenberg, H.},
    number = {2},
    month = {5},
    pages = {99--113},
    volume = {23},
    publisher = {Springer-Verlag},
    url = {http://link.springer.com/10.1007/s00450-009-0057-9},
    doi = {10.1007/s00450-009-0057-9},
    issn = {1865-2034}
}

@article{Ashforth1995EmotionReappraisal,
    title = {{Emotion in the Workplace: A Reappraisal}},
    year = {1995},
    journal = {Human Relations},
    author = {Ashforth, Blake E. and Humphrey, Ronald H.},
    number = {2},
    pages = {97--125},
    volume = {48},
    doi = {10.1177/001872679504800201},
    issn = {1741282X},
    keywords = {emotion, group dynamics, leadership, motivation, rationality}
}

@article{Eklund2018EvaluationStudy,
    title = {{Evaluation of a Web-Based Stress Management Application—a Feasibility Study}},
    year = {2018},
    journal = {Journal of Technology in Behavioral Science},
    author = {Eklund, Caroline and Elfstr{\"{o}}m, Magnus L. and Eriksson, Yvonne and S{\"{o}}derlund, Anne},
    number = {3},
    month = {9},
    pages = {150--160},
    volume = {3},
    publisher = {Springer Nature},
    doi = {10.1007/s41347-018-0044-8}
}

@inproceedings{Bansemir2014ExperienceVisualizations,
    title = {{Experience report: The effectiveness of paper prototyping for interactive visualizations}},
    year = {2014},
    booktitle = {Lecture Notes in Computer Science (including subseries Lecture Notes in Artificial Intelligence and Lecture Notes in Bioinformatics)},
    author = {Bansemir, Bastian and Hann{\ss}, Franziska and Lochner, Berit and Wojdziak, Jan and Groh, Rainer},
    pages = {3--13},
    publisher = {Springer Verlag},
    isbn = {9783319076676},
    doi = {10.1007/978-3-319-07668-3{\_}1},
    issn = {16113349},
    keywords = {design research, interaction design, interactive systems, interface design, paper prototyping, software development}
}

@article{Cooper2005Happiness:Science,
    title = {{Happiness: Lessons from a New Science}},
    year = {2005},
    journal = {Foreign Affairs},
    author = {Cooper, Richard N. and Layard, Richard},
    number = {6},
    pages = {139},
    volume = {84},
    publisher = {JSTOR},
    doi = {10.2307/20031793},
    issn = {00157120}
}

@misc{AnxietyDisordersAssociationofAmericaADAA2006Highlights:ADAA,
    title = {{Highlights: Workplace Stress {\&}amp; Anxiety Disorders Survey | Anxiety and Depression Association of America, ADAA}},
    year = {2006},
    author = {{Anxiety Disorders Association of America (ADAA)}},
    url = {https://adaa.org/workplace-stress-anxiety-disorders-survey}
}

@misc{K.AduMichael2014InadequateStudy.,
    title = {{Inadequate Requirements Engineering Process: A Key Factor for Poor Software Development in Developing Nations: A Case Study.}},
    year = {2014},
    booktitle = {https://www.researchgate.net},
    author = {K. Adu Michael, K. Alese Boniface},
    url = {https://www.researchgate.net/publication/294891808_Inadequate_Requirements_Engineering_Process_A_Key_Factor_for_Poor_Software_Development_in_Developing_Nations_A_Case_Study}
}

@misc{LeWine2011IncreasePublishing,
    title = {{Increase in resting heart rate is a signal worth watching - Harvard Health Blog - Harvard Health Publishing}},
    year = {2011},
    booktitle = {Harvard Health Publishing},
    author = {LeWine, Howard},
    url = {https://www.health.harvard.edu/blog/increase-in-resting-heart-rate-is-a-signal-worth-watching-201112214013},
    keywords = {heart rate}
}

@article{Santos-Gago2019InnovativeReview,
    title = {{Innovative Use of Wrist-Worn Wearable Devices in the Sports Domain: A Systematic Review}},
    year = {2019},
    journal = {Electronics},
    author = {Santos-Gago, Juan M. and Ramos-Merino, Mateo and Vallarades-Rodriguez, Sonia and {\'{A}}lvarez-Sabucedo, Luis M. and Fern{\'{a}}ndez-Iglesias, Manuel J. and Garc{\'{i}}a-Soid{\'{a}}n, Jose L.},
    number = {11},
    month = {11},
    pages = {1257},
    volume = {8},
    publisher = {MDPI AG},
    url = {https://www.mdpi.com/2079-9292/8/11/1257},
    doi = {10.3390/electronics8111257},
    issn = {2079-9292},
    keywords = {Activity trackers, Sensors, Smartbands, Smartwatches, Sports, Wrist-worn wearables}
}

@incollection{Trmcic2017InternetWell-being,
    title = {{Internet of things in e-health: An application of wearables in prevention and well-being}},
    year = {2017},
    booktitle = {Emerging Trends and Applications of the Internet of Things},
    author = {Trmcic, Branka Rodic and Labus, Aleksandra and Mitrovic, Svetlana and Buha, Vesna and Stanojevic, Gordana},
    month = {3},
    pages = {191--197},
    publisher = {IGI Global},
    isbn = {9781522524380},
    doi = {10.4018/978-1-5225-2437-3.ch007}
}

@book{Bloisi2007ManagementBehaviour,
    title = {{Management and organisational behaviour}},
    year = {2007},
    author = {Bloisi, Wendy. and Cook, Curtis W. and Hunsaker, Phillip L.},
    pages = {919},
    publisher = {McGraw-Hill Education},
    isbn = {0077111079}
}

@misc{Sly2019ManagingBiostrap,
    title = {{Managing Stress With HRV, Resting Heart rate, {\&} SPO2 - Biostrap}},
    year = {2019},
    booktitle = {https://biostrap.com},
    author = {Sly, Sam},
    url = {https://biostrap.com/blog/managing-stress-with-hrv-resting-heart-rate-spo2/}
}

@article{Cottini2013MentalEurope,
    title = {{Mental Health and Working Conditions in Europe}},
    year = {2013},
    journal = {ILR Review},
    author = {Cottini, Elena and Lucifora, Claudio},
    number = {4},
    month = {7},
    pages = {958--988},
    volume = {66},
    url = {http://journals.sagepub.com/doi/10.1177/001979391306600409},
    doi = {10.1177/001979391306600409},
    issn = {0019-7939}
}

@techreport{Cottini2010MentalCountries,
    title = {{Mental Health and Working Conditions in European Countries}},
    year = {2010},
    author = {Cottini, Elena and Lucifora, Claudio},
    keywords = {health and safety regulation, labour market institutions, mental health, working conditions}
}

@article{Cottini2010MentalCountriesb,
    title = {{Mental Health and Working Conditions in European Countries}},
    year = {2010},
    author = {Cottini, Elena and Lucifora, Claudio and Cottini, Elena and Lucifora, Claudio},
    publisher = {Institute of Labor Economics (IZA)},
    keywords = {health and safety regulation, labour market institutions, mental health, working conditions}
}

@article{Ahtinen2013MobileStudy,
    title = {{Mobile mental wellness training for stress management: Feasibility and design implications based on a one-month field study}},
    year = {2013},
    journal = {Journal of Medical Internet Research},
    author = {Ahtinen, Aino and Mattila, Elina and V{\"{a}}lkkynen, Pasi and Kaipainen, Kirsikka and Vanhala, Toni and Ermes, Miikka and Sairanen, Essi and Myllym{\"{a}}ki, Tero and Lappalainen, Raimo},
    number = {7},
    month = {7},
    pages = {e11},
    volume = {15},
    url = {http://www.ncbi.nlm.nih.gov/pubmed/25100683 http://www.pubmedcentral.nih.gov/articlerender.fcgi?artid=PMC4114468},
    doi = {10.2196/mhealth.2596},
    issn = {14388871},
    keywords = {Acceptance and commitment therapy, Design, Field studies, Mental health, Mobile phone, Stress, User experience}
}

@article{Saeb2015MobileStudy,
    title = {{Mobile phone sensor correlates of depressive symptom severity in daily-life behavior: An exploratory study}},
    year = {2015},
    journal = {Journal of Medical Internet Research},
    author = {Saeb, Sohrab and Zhang, Mi and Karr, Christopher J. and Schueller, Stephen M. and Corden, Marya E. and Kording, Konrad P. and Mohr, David C.},
    number = {7},
    month = {7},
    volume = {17},
    publisher = {Journal of Medical Internet Research},
    doi = {10.2196/jmir.4273},
    issn = {14388871},
    keywords = {Activities of daily living, Classification, Cluster analysis, Depression, Mobile health (mHealth)}
}

@article{Moser2013OnFramework,
    title = {{On the relationship between anxiety and error monitoring: A meta-analysis and conceptual framework}},
    year = {2013},
    journal = {Frontiers in Human Neuroscience},
    author = {Moser, Jason S. and Moran, Tim P. and Schroder, Hans S. and Donnellan, M. Brent and Yeung, Nick},
    number = {AUG},
    month = {8},
    publisher = {Frontiers Media S. A.},
    doi = {10.3389/fnhum.2013.00466},
    issn = {16625161},
    keywords = {Anxiety, Cognitive control, Conflict monitoring, Error monitoring, Error-related negativity, Event-related potential (ERP), Meta-analysis, Worry}
}

@incollection{Stephens2006PersonaAnalysis,
    title = {{Persona Analysis}},
    year = {2006},
    booktitle = {Agile Development with ICONIX Process},
    author = {Stephens, Mark and Doug, Rosenberg and Matt, Collins-Cope},
    month = {11},
    pages = {189--201},
    publisher = {A-Press},
    doi = {10.1007/978-1-4302-0009-3{\_}10}
}

@incollection{Parker2008PersonalityProcess,
    title = {{Personality and the coping process}},
    year = {2008},
    booktitle = {The SAGE Handbook of Personality Theory and Assessment: Volume 1 - Personality Theories and Models},
    author = {Parker, James D.A. and Wood, Laura M.},
    month = {1},
    pages = {506--520},
    publisher = {SAGE Publications Inc.},
    isbn = {9781849200462},
    doi = {10.4135/9781849200462.n24}
}

@inproceedings{Mayas2016PersonasChallenges,
    title = {{Personas for requirements engineering opportunities and challenges}},
    year = {2016},
    booktitle = {Lecture Notes in Computer Science (including subseries Lecture Notes in Artificial Intelligence and Lecture Notes in Bioinformatics)},
    author = {Mayas, Cindy and H{\"{o}}rold, Stephan and Kr{\"{o}}mker, Heidi},
    pages = {34--46},
    volume = {9312 LNCS},
    publisher = {Springer Verlag},
    isbn = {9783319459158},
    doi = {10.1007/978-3-319-45916-5{\_}3},
    issn = {16113349},
    keywords = {Personas, Requirements engineering, Software engineering}
}

@inproceedings{Parnandi2017PhysiologicalGames,
    title = {{Physiological Modalities for Relaxation Skill Transfer in Biofeedback Games}},
    year = {2017},
    booktitle = {IEEE Journal of Biomedical and Health Informatics},
    author = {Parnandi, Avinash and Gutierrez-Osuna, Ricardo},
    month = {3},
    pages = {361--371},
    volume = {21},
    publisher = {Institute of Electrical and Electronics Engineers Inc.},
    doi = {10.1109/JBHI.2015.2511665},
    issn = {21682194},
    keywords = {Biofeedback, breathing rate (BR), electrodermal activity (EDA), heart rate variability (HRV), skill transfer, stress, video games, wearable sensors}
}

@book{Carlson2013PhysiologyBehavio,
    title = {{Physiology of behavio}},
    year = {2013},
    author = {Carlson, Neil R},
    publisher = {Boston : Pearson, 2013}
}

@inproceedings{Zafar2017PlayingBiofeedback,
    title = {{Playing with and without Biofeedback}},
    year = {2017},
    booktitle = {2017 IEEE 5th International Conference on Serious Games and Applications for Health (SeGAH)},
    author = {Zafar, M. Abdullah and Ahmed, Beena and Gutierrez-Osuna, Ricardo},
    month = {4},
    pages = {1--7},
    publisher = {IEEE},
    url = {http://ieeexplore.ieee.org/document/7939272/},
    isbn = {978-1-5090-5482-4},
    doi = {10.1109/SeGAH.2017.7939272},
    keywords = {biofeedback, game-based learning, mobile game, respiratory control, stress regulation}
}

@book{Lamsweerde2009RequirementsSpecifications,
    title = {{Requirements engineering : from system goals to UML models to software specifications}},
    year = {2009},
    author = {Lamsweerde, A. van (Axel)},
    pages = {682},
    publisher = {John Wiley},
    url = {https://www.wiley.com/en-us/Requirements+Engineering%3A+From+System+Goals+to+UML+Models+to+Software+Specifications-p-9780470012703},
    isbn = {9780470012703}
}

@article{Naturale2007SecondaryField,
    title = {{Secondary traumatic stress in social workers responding to disasters: Reports from the field}},
    year = {2007},
    journal = {Clinical Social Work Journal},
    author = {Naturale, April},
    number = {3},
    month = {9},
    pages = {173--181},
    volume = {35},
    keywords = {Compassion fatigue, Disasters, Responders, Secondary traumatic stress, Social workers, Traumatic stress}
}

@misc{TheHealthlineEditorialTeam2018StressManagement,
    title = {{Stress and Anxiety: Causes and Management}},
    year = {2018},
    booktitle = {The Healthline},
    author = {{The Healthline Editorial Team}},
    pages = {25},
    url = {https://www.healthline.com/health/stress-and-anxiety}
}

@misc{Kim2018StressLiterature,
    title = {{Stress and heart rate variability: A meta-analysis and review of the literature}},
    year = {2018},
    booktitle = {Psychiatry Investigation},
    author = {Kim, Hye Geum and Cheon, Eun Jin and Bai, Dai Seg and Lee, Young Hwan and Koo, Bon Hoon},
    number = {3},
    month = {3},
    pages = {235--245},
    volume = {15},
    publisher = {Korean Neuropsychiatric Association},
    doi = {10.30773/pi.2017.08.17},
    issn = {19763026},
    keywords = {Autonomic nervous system, Heart rate variability, Stress}
}

@misc{CIPD2008StressCIPD,
    title = {{Stress in the Workplace | Factsheets | CIPD}},
    year = {2008},
    author = {{CIPD}},
    url = {https://www.cipd.co.uk/knowledge/culture/well-being/stress-factsheet}
}

@techreport{STRESSIDD,
    title = {{STRESS MANAGEMENT FOR PEOPLE WITH INTELLECTUAL OR DEVELOPMENTAL DISABILITIES (IDD)}}
}

@book{LazarusR.S.Folkman1984StressCoping.,
    title = {{Stress, appraisal, and coping.}},
    year = {1984},
    author = {Lazarus, R. S., {\&} Folkman, S.},
    pages = {445},
    publisher = {New York: Springer Publishing Company.},
    url = {http://www.worldcat.org/title/stress-appraisal-and-coping/oclc/609341596},
    isbn = {0-8261-4191-9}
}

@article{Cooper1994Stress-managementAudits,
    title = {{Stress-management interventions in the workplace: Stress counselling and stress audits}},
    year = {1994},
    journal = {British Journal of Guidance {\&} Counselling},
    author = {Cooper, Cary L. and Cartwright, Sue},
    number = {1},
    month = {1},
    pages = {65--73},
    volume = {22},
    url = {http://www.tandfonline.com/doi/full/10.1080/03069889408253666},
    doi = {10.1080/03069889408253666},
    issn = {0306-9885}
}

@article{Fu2015SystemDevice,
    title = {{System Design for Wearable Blood Oxygen Saturation and Pulse Measurement Device}},
    year = {2015},
    journal = {Procedia Manufacturing},
    author = {Fu, Yu and Liu, Jian},
    month = {1},
    pages = {1187--1194},
    volume = {3},
    publisher = {Elsevier B.V.},
    doi = {10.1016/j.promfg.2015.07.197},
    issn = {23519789},
    keywords = {Blood oxygen saturation, GPRS/WiFi/Zigbee Networks, Pulse, Sport monitoring}
}

@book{Norman1988TheThings,
    title = {{The Design of Everyday Things}},
    year = {1988},
    author = {Norman, Donald},
    publisher = {Basic Books},
    isbn = {978-0-465-06710-7},
    keywords = {Business, Design, Psychology}
}

@article{Llena-Nozal2009TheCountries,
    title = {{The effect of work status and working conditions on mental health in four OECD countries}},
    year = {2009},
    journal = {National Institute Economic Review},
    author = {Llena-Nozal, Ana},
    number = {1},
    month = {7},
    pages = {72--87},
    volume = {209},
    doi = {10.1177/0027950109345234},
    issn = {00279501},
    keywords = {Health, Models with panel data, Working conditions}
}

@misc{Zachos2018TraumaResearch,
    title = {{Trauma and Dementia Patients Could Be Helped by Great Pond Snail Memory Research}},
    year = {2018},
    booktitle = {https://www.nationalgeographic.com/news/},
    author = {Zachos, Elaina},
    url = {https://www.nationalgeographic.com/news/2018/03/snails-memory-molecules-spd/}
}

@misc{TypesNeurocore,
    title = {{Types of Stress {\&} Effects on Health - Acute, Episodic {\&} Chronic Stress - Neurocore}},
    url = {https://www.neurocorecenters.com/blog/understanding-your-stress-type-how-to-manage-it}
}

@article{AlOsman2016UbiquitousManagement,
    title = {{Ubiquitous Biofeedback Serious Game for Stress Management}},
    year = {2016},
    journal = {IEEE Access},
    author = {Al Osman, Hussein and Dong, Haiwei and El Saddik, Abdulmotaleb},
    pages = {1274--1286},
    volume = {4},
    publisher = {Institute of Electrical and Electronics Engineers Inc.},
    doi = {10.1109/ACCESS.2016.2548980},
    issn = {21693536},
    keywords = {Affective Computing, Mobile Computing, Serious Gaming, Ubiquitous Biofeedback}
}

@misc{TheAmericanInstituteofStressWhatStress,
    title = {{What is Stress?}},
    author = {{The American Institute of Stress}},
    url = {https://www.stress.org/daily-life}
}

@article{Fairbrother2003WorkplaceSatisfaction,
    title = {{Workplace dimensions, stress and job satisfaction}},
    year = {2003},
    journal = {Journal of Managerial Psychology},
    author = {Fairbrother, Kerry and Warn, James},
    number = {1-2},
    pages = {8--21},
    volume = {18},
    publisher = {Emerald Group Publishing Ltd.},
    doi = {10.1108/02683940310459565},
    issn = {02683946},
    keywords = {Job satisfaction, Navy, Occupational health, Stress, Training, Working conditions}
}

@article{Colligan2006WorkplaceStress,
    title = {{Workplace Stress}},
    year = {2006},
    journal = {Journal of Workplace Behavioral Health},
    author = {Colligan, Thomas W. and Higgins, Eileen M.},
    number = {2},
    month = {7},
    pages = {89--97},
    volume = {21},
    publisher = { Taylor {\&} Francis Group },
    url = {http://www.tandfonline.com/doi/abs/10.1300/J490v21n02_07},
    doi = {10.1300/J490v21n02{\_}07},
    issn = {1555-5240},
    keywords = {Workplace stress, organizational behavior, stress, workplace productivity}
}