@misc{Kim2018-test,
    title = {{Stress and heart rate variability: A meta-analysis and review of the literature}},
    year = {2018},
    booktitle = {Psychiatry Investigation},
    author = {Kim, Hye Geum and Cheon, Eun Jin and Bai, Dai Seg and Lee, Young Hwan and Koo, Bon Hoon},
    number = {3},
    month = {3},
    pages = {235--245},
    volume = {15},
    publisher = {Korean Neuropsychiatric Association},
    doi = {10.30773/pi.2017.08.17},
    issn = {19763026},
    keywords = {Autonomic nervous system, Heart rate variability, Stress}
}